%YAML 1.1
%TAG !u! tag:unity3d.com,2011:
--- !u!29 &1
OcclusionCullingSettings:
  m_ObjectHideFlags: 0
  serializedVersion: 2
  m_OcclusionBakeSettings:
    smallestOccluder: 5
    smallestHole: 0.25
    backfaceThreshold: 100
  m_SceneGUID: 00000000000000000000000000000000
  m_OcclusionCullingData: {fileID: 0}
--- !u!104 &2
RenderSettings:
  m_ObjectHideFlags: 0
  serializedVersion: 9
  m_Fog: 0
  m_FogColor: {r: 0.5, g: 0.5, b: 0.5, a: 1}
  m_FogMode: 3
  m_FogDensity: 0.01
  m_LinearFogStart: 0
  m_LinearFogEnd: 300
  m_AmbientSkyColor: {r: 0.212, g: 0.227, b: 0.259, a: 1}
  m_AmbientEquatorColor: {r: 0.114, g: 0.125, b: 0.133, a: 1}
  m_AmbientGroundColor: {r: 0.047, g: 0.043, b: 0.035, a: 1}
  m_AmbientIntensity: 1
  m_AmbientMode: 0
  m_SubtractiveShadowColor: {r: 0.42, g: 0.478, b: 0.627, a: 1}
  m_SkyboxMaterial: {fileID: 10304, guid: 0000000000000000f000000000000000, type: 0}
  m_HaloStrength: 0.5
  m_FlareStrength: 1
  m_FlareFadeSpeed: 3
  m_HaloTexture: {fileID: 0}
  m_SpotCookie: {fileID: 10001, guid: 0000000000000000e000000000000000, type: 0}
  m_DefaultReflectionMode: 0
  m_DefaultReflectionResolution: 128
  m_ReflectionBounces: 1
  m_ReflectionIntensity: 1
  m_CustomReflection: {fileID: 0}
  m_Sun: {fileID: 0}
  m_IndirectSpecularColor: {r: 0, g: 0, b: 0, a: 1}
  m_UseRadianceAmbientProbe: 0
--- !u!157 &3
LightmapSettings:
  m_ObjectHideFlags: 0
  serializedVersion: 11
  m_GIWorkflowMode: 1
  m_GISettings:
    serializedVersion: 2
    m_BounceScale: 1
    m_IndirectOutputScale: 1
    m_AlbedoBoost: 1
    m_EnvironmentLightingMode: 0
    m_EnableBakedLightmaps: 1
    m_EnableRealtimeLightmaps: 0
  m_LightmapEditorSettings:
    serializedVersion: 12
    m_Resolution: 2
    m_BakeResolution: 40
    m_AtlasSize: 1024
    m_AO: 0
    m_AOMaxDistance: 1
    m_CompAOExponent: 1
    m_CompAOExponentDirect: 0
    m_ExtractAmbientOcclusion: 0
    m_Padding: 2
    m_LightmapParameters: {fileID: 0}
    m_LightmapsBakeMode: 1
    m_TextureCompression: 1
    m_FinalGather: 0
    m_FinalGatherFiltering: 1
    m_FinalGatherRayCount: 256
    m_ReflectionCompression: 2
    m_MixedBakeMode: 2
    m_BakeBackend: 1
    m_PVRSampling: 1
    m_PVRDirectSampleCount: 32
    m_PVRSampleCount: 512
    m_PVRBounces: 2
    m_PVREnvironmentSampleCount: 256
    m_PVREnvironmentReferencePointCount: 2048
    m_PVRFilteringMode: 1
    m_PVRDenoiserTypeDirect: 1
    m_PVRDenoiserTypeIndirect: 1
    m_PVRDenoiserTypeAO: 1
    m_PVRFilterTypeDirect: 0
    m_PVRFilterTypeIndirect: 0
    m_PVRFilterTypeAO: 0
    m_PVREnvironmentMIS: 1
    m_PVRCulling: 1
    m_PVRFilteringGaussRadiusDirect: 1
    m_PVRFilteringGaussRadiusIndirect: 5
    m_PVRFilteringGaussRadiusAO: 2
    m_PVRFilteringAtrousPositionSigmaDirect: 0.5
    m_PVRFilteringAtrousPositionSigmaIndirect: 2
    m_PVRFilteringAtrousPositionSigmaAO: 1
    m_ExportTrainingData: 0
    m_TrainingDataDestination: TrainingData
    m_LightProbeSampleCountMultiplier: 4
  m_LightingDataAsset: {fileID: 0}
  m_UseShadowmask: 1
--- !u!196 &4
NavMeshSettings:
  serializedVersion: 2
  m_ObjectHideFlags: 0
  m_BuildSettings:
    serializedVersion: 2
    agentTypeID: 0
    agentRadius: 0.5
    agentHeight: 2
    agentSlope: 45
    agentClimb: 0.4
    ledgeDropHeight: 0
    maxJumpAcrossDistance: 0
    minRegionArea: 2
    manualCellSize: 0
    cellSize: 0.16666667
    manualTileSize: 0
    tileSize: 256
    accuratePlacement: 0
    debug:
      m_Flags: 0
  m_NavMeshData: {fileID: 0}
--- !u!1 &58597909
GameObject:
  m_ObjectHideFlags: 0
  m_CorrespondingSourceObject: {fileID: 0}
  m_PrefabInstance: {fileID: 0}
  m_PrefabAsset: {fileID: 0}
  serializedVersion: 6
  m_Component:
  - component: {fileID: 58597914}
  - component: {fileID: 58597913}
  - component: {fileID: 58597912}
  - component: {fileID: 58597911}
  - component: {fileID: 58597910}
  m_Layer: 0
  m_Name: Sphere
  m_TagString: Untagged
  m_Icon: {fileID: 0}
  m_NavMeshLayer: 0
  m_StaticEditorFlags: 0
  m_IsActive: 1
--- !u!54 &58597910
Rigidbody:
  m_ObjectHideFlags: 0
  m_CorrespondingSourceObject: {fileID: 0}
  m_PrefabInstance: {fileID: 0}
  m_PrefabAsset: {fileID: 0}
  m_GameObject: {fileID: 58597909}
  serializedVersion: 2
  m_Mass: 50
  m_Drag: 0
  m_AngularDrag: 0
  m_UseGravity: 1
  m_IsKinematic: 0
  m_Interpolate: 0
  m_Constraints: 0
  m_CollisionDetection: 0
--- !u!135 &58597911
SphereCollider:
  m_ObjectHideFlags: 0
  m_CorrespondingSourceObject: {fileID: 0}
  m_PrefabInstance: {fileID: 0}
  m_PrefabAsset: {fileID: 0}
  m_GameObject: {fileID: 58597909}
  m_Material: {fileID: 0}
  m_IsTrigger: 0
  m_Enabled: 1
  serializedVersion: 2
  m_Radius: 0.5
  m_Center: {x: 0, y: 0, z: 0}
--- !u!23 &58597912
MeshRenderer:
  m_ObjectHideFlags: 0
  m_CorrespondingSourceObject: {fileID: 0}
  m_PrefabInstance: {fileID: 0}
  m_PrefabAsset: {fileID: 0}
  m_GameObject: {fileID: 58597909}
  m_Enabled: 1
  m_CastShadows: 1
  m_ReceiveShadows: 1
  m_DynamicOccludee: 1
  m_MotionVectors: 1
  m_LightProbeUsage: 1
  m_ReflectionProbeUsage: 1
  m_RayTracingMode: 2
  m_RenderingLayerMask: 1
  m_RendererPriority: 0
  m_Materials:
  - {fileID: 10303, guid: 0000000000000000f000000000000000, type: 0}
  m_StaticBatchInfo:
    firstSubMesh: 0
    subMeshCount: 0
  m_StaticBatchRoot: {fileID: 0}
  m_ProbeAnchor: {fileID: 0}
  m_LightProbeVolumeOverride: {fileID: 0}
  m_ScaleInLightmap: 1
  m_ReceiveGI: 1
  m_PreserveUVs: 0
  m_IgnoreNormalsForChartDetection: 0
  m_ImportantGI: 0
  m_StitchLightmapSeams: 1
  m_SelectedEditorRenderState: 3
  m_MinimumChartSize: 4
  m_AutoUVMaxDistance: 0.5
  m_AutoUVMaxAngle: 89
  m_LightmapParameters: {fileID: 0}
  m_SortingLayerID: 0
  m_SortingLayer: 0
  m_SortingOrder: 0
--- !u!33 &58597913
MeshFilter:
  m_ObjectHideFlags: 0
  m_CorrespondingSourceObject: {fileID: 0}
  m_PrefabInstance: {fileID: 0}
  m_PrefabAsset: {fileID: 0}
  m_GameObject: {fileID: 58597909}
  m_Mesh: {fileID: 10207, guid: 0000000000000000e000000000000000, type: 0}
--- !u!4 &58597914
Transform:
  m_ObjectHideFlags: 0
  m_CorrespondingSourceObject: {fileID: 0}
  m_PrefabInstance: {fileID: 0}
  m_PrefabAsset: {fileID: 0}
  m_GameObject: {fileID: 58597909}
  m_LocalRotation: {x: 0, y: 0, z: 0, w: 1}
  m_LocalPosition: {x: -5.42, y: 15.95, z: -5.62}
  m_LocalScale: {x: 1, y: 1, z: 1}
  m_Children: []
  m_Father: {fileID: 0}
  m_RootOrder: 19
  m_LocalEulerAnglesHint: {x: 0, y: 0, z: 0}
--- !u!1 &134482648
GameObject:
  m_ObjectHideFlags: 0
  m_CorrespondingSourceObject: {fileID: 0}
  m_PrefabInstance: {fileID: 0}
  m_PrefabAsset: {fileID: 0}
  serializedVersion: 6
  m_Component:
  - component: {fileID: 134482652}
  - component: {fileID: 134482651}
  - component: {fileID: 134482650}
  - component: {fileID: 134482649}
  m_Layer: 0
  m_Name: Cylinder
  m_TagString: Untagged
  m_Icon: {fileID: 0}
  m_NavMeshLayer: 0
  m_StaticEditorFlags: 0
  m_IsActive: 1
--- !u!136 &134482649
CapsuleCollider:
  m_ObjectHideFlags: 0
  m_CorrespondingSourceObject: {fileID: 0}
  m_PrefabInstance: {fileID: 0}
  m_PrefabAsset: {fileID: 0}
  m_GameObject: {fileID: 134482648}
  m_Material: {fileID: 0}
  m_IsTrigger: 0
  m_Enabled: 1
  m_Radius: 0.5000001
  m_Height: 2
  m_Direction: 1
  m_Center: {x: 0.000000059604645, y: 0, z: -0.00000008940697}
--- !u!23 &134482650
MeshRenderer:
  m_ObjectHideFlags: 0
  m_CorrespondingSourceObject: {fileID: 0}
  m_PrefabInstance: {fileID: 0}
  m_PrefabAsset: {fileID: 0}
  m_GameObject: {fileID: 134482648}
  m_Enabled: 1
  m_CastShadows: 1
  m_ReceiveShadows: 1
  m_DynamicOccludee: 1
  m_MotionVectors: 1
  m_LightProbeUsage: 1
  m_ReflectionProbeUsage: 1
  m_RayTracingMode: 2
  m_RenderingLayerMask: 1
  m_RendererPriority: 0
  m_Materials:
  - {fileID: 2100000, guid: 0f75fb3ca6317c64392be23f8e5c40ba, type: 2}
  m_StaticBatchInfo:
    firstSubMesh: 0
    subMeshCount: 0
  m_StaticBatchRoot: {fileID: 0}
  m_ProbeAnchor: {fileID: 0}
  m_LightProbeVolumeOverride: {fileID: 0}
  m_ScaleInLightmap: 1
  m_ReceiveGI: 1
  m_PreserveUVs: 0
  m_IgnoreNormalsForChartDetection: 0
  m_ImportantGI: 0
  m_StitchLightmapSeams: 1
  m_SelectedEditorRenderState: 3
  m_MinimumChartSize: 4
  m_AutoUVMaxDistance: 0.5
  m_AutoUVMaxAngle: 89
  m_LightmapParameters: {fileID: 0}
  m_SortingLayerID: 0
  m_SortingLayer: 0
  m_SortingOrder: 0
--- !u!33 &134482651
MeshFilter:
  m_ObjectHideFlags: 0
  m_CorrespondingSourceObject: {fileID: 0}
  m_PrefabInstance: {fileID: 0}
  m_PrefabAsset: {fileID: 0}
  m_GameObject: {fileID: 134482648}
  m_Mesh: {fileID: 10206, guid: 0000000000000000e000000000000000, type: 0}
--- !u!4 &134482652
Transform:
  m_ObjectHideFlags: 0
  m_CorrespondingSourceObject: {fileID: 0}
  m_PrefabInstance: {fileID: 0}
  m_PrefabAsset: {fileID: 0}
  m_GameObject: {fileID: 134482648}
  m_LocalRotation: {x: 0.49232963, y: 0.42808905, z: -0.50690436, w: 0.563382}
  m_LocalPosition: {x: -7.22, y: 0.02, z: 10.95}
  m_LocalScale: {x: 1, y: 3.1086, z: 1}
  m_Children: []
  m_Father: {fileID: 0}
  m_RootOrder: 17
  m_LocalEulerAnglesHint: {x: 81.394005, y: -6.4350004, z: -89.495}
--- !u!1001 &222041126
PrefabInstance:
  m_ObjectHideFlags: 0
  serializedVersion: 2
  m_Modification:
    m_TransformParent: {fileID: 0}
    m_Modifications:
    - target: {fileID: 8394893932085894315, guid: 398ed7d668775a343a04b98636790755,
        type: 3}
      propertyPath: m_Name
      value: Skittle (1)
      objectReference: {fileID: 0}
    - target: {fileID: 8394893932085894480, guid: 398ed7d668775a343a04b98636790755,
        type: 3}
      propertyPath: m_LocalPosition.x
      value: -6.532117
      objectReference: {fileID: 0}
    - target: {fileID: 8394893932085894480, guid: 398ed7d668775a343a04b98636790755,
        type: 3}
      propertyPath: m_LocalPosition.y
      value: 2.903736
      objectReference: {fileID: 0}
    - target: {fileID: 8394893932085894480, guid: 398ed7d668775a343a04b98636790755,
        type: 3}
      propertyPath: m_LocalPosition.z
      value: 6.4029937
      objectReference: {fileID: 0}
    - target: {fileID: 8394893932085894480, guid: 398ed7d668775a343a04b98636790755,
        type: 3}
      propertyPath: m_LocalRotation.x
      value: 0.002639942
      objectReference: {fileID: 0}
    - target: {fileID: 8394893932085894480, guid: 398ed7d668775a343a04b98636790755,
        type: 3}
      propertyPath: m_LocalRotation.y
      value: -0.06099369
      objectReference: {fileID: 0}
    - target: {fileID: 8394893932085894480, guid: 398ed7d668775a343a04b98636790755,
        type: 3}
      propertyPath: m_LocalRotation.z
      value: -0.043161076
      objectReference: {fileID: 0}
    - target: {fileID: 8394893932085894480, guid: 398ed7d668775a343a04b98636790755,
        type: 3}
      propertyPath: m_LocalRotation.w
      value: 0.9972011
      objectReference: {fileID: 0}
    - target: {fileID: 8394893932085894480, guid: 398ed7d668775a343a04b98636790755,
        type: 3}
      propertyPath: m_RootOrder
      value: 12
      objectReference: {fileID: 0}
    - target: {fileID: 8394893932085894480, guid: 398ed7d668775a343a04b98636790755,
        type: 3}
      propertyPath: m_LocalEulerAnglesHint.x
      value: 0
      objectReference: {fileID: 0}
    - target: {fileID: 8394893932085894480, guid: 398ed7d668775a343a04b98636790755,
        type: 3}
      propertyPath: m_LocalEulerAnglesHint.y
      value: -7.0000005
      objectReference: {fileID: 0}
    - target: {fileID: 8394893932085894480, guid: 398ed7d668775a343a04b98636790755,
        type: 3}
      propertyPath: m_LocalEulerAnglesHint.z
      value: -4.9570003
      objectReference: {fileID: 0}
    - target: {fileID: 8394893932085894486, guid: 398ed7d668775a343a04b98636790755,
        type: 3}
      propertyPath: m_Materials.Array.data[0]
      value: 
      objectReference: {fileID: 2100000, guid: 8bc53ffc503125a418dd0c9be96ef231, type: 2}
    m_RemovedComponents: []
  m_SourcePrefab: {fileID: 100100000, guid: 398ed7d668775a343a04b98636790755, type: 3}
--- !u!1001 &275055987
PrefabInstance:
  m_ObjectHideFlags: 0
  serializedVersion: 2
  m_Modification:
    m_TransformParent: {fileID: 0}
    m_Modifications:
    - target: {fileID: 8394893932085894315, guid: 398ed7d668775a343a04b98636790755,
        type: 3}
      propertyPath: m_Name
      value: Skittle (2)
      objectReference: {fileID: 0}
    - target: {fileID: 8394893932085894480, guid: 398ed7d668775a343a04b98636790755,
        type: 3}
      propertyPath: m_LocalPosition.x
      value: -7.5442753
      objectReference: {fileID: 0}
    - target: {fileID: 8394893932085894480, guid: 398ed7d668775a343a04b98636790755,
        type: 3}
      propertyPath: m_LocalPosition.y
      value: 2.901431
      objectReference: {fileID: 0}
    - target: {fileID: 8394893932085894480, guid: 398ed7d668775a343a04b98636790755,
        type: 3}
      propertyPath: m_LocalPosition.z
      value: 6.374328
      objectReference: {fileID: 0}
    - target: {fileID: 8394893932085894480, guid: 398ed7d668775a343a04b98636790755,
        type: 3}
      propertyPath: m_LocalRotation.x
      value: 0.002639942
      objectReference: {fileID: 0}
    - target: {fileID: 8394893932085894480, guid: 398ed7d668775a343a04b98636790755,
        type: 3}
      propertyPath: m_LocalRotation.y
      value: -0.06099369
      objectReference: {fileID: 0}
    - target: {fileID: 8394893932085894480, guid: 398ed7d668775a343a04b98636790755,
        type: 3}
      propertyPath: m_LocalRotation.z
      value: -0.043161076
      objectReference: {fileID: 0}
    - target: {fileID: 8394893932085894480, guid: 398ed7d668775a343a04b98636790755,
        type: 3}
      propertyPath: m_LocalRotation.w
      value: 0.9972011
      objectReference: {fileID: 0}
    - target: {fileID: 8394893932085894480, guid: 398ed7d668775a343a04b98636790755,
        type: 3}
      propertyPath: m_RootOrder
      value: 11
      objectReference: {fileID: 0}
    - target: {fileID: 8394893932085894480, guid: 398ed7d668775a343a04b98636790755,
        type: 3}
      propertyPath: m_LocalEulerAnglesHint.x
      value: 0
      objectReference: {fileID: 0}
    - target: {fileID: 8394893932085894480, guid: 398ed7d668775a343a04b98636790755,
        type: 3}
      propertyPath: m_LocalEulerAnglesHint.y
      value: -7.0000005
      objectReference: {fileID: 0}
    - target: {fileID: 8394893932085894480, guid: 398ed7d668775a343a04b98636790755,
        type: 3}
      propertyPath: m_LocalEulerAnglesHint.z
      value: -4.9570003
      objectReference: {fileID: 0}
    - target: {fileID: 8394893932085894486, guid: 398ed7d668775a343a04b98636790755,
        type: 3}
      propertyPath: m_Materials.Array.data[0]
      value: 
      objectReference: {fileID: 2100000, guid: 8bc53ffc503125a418dd0c9be96ef231, type: 2}
    m_RemovedComponents: []
  m_SourcePrefab: {fileID: 100100000, guid: 398ed7d668775a343a04b98636790755, type: 3}
--- !u!1 &342498953
GameObject:
  m_ObjectHideFlags: 0
  m_CorrespondingSourceObject: {fileID: 0}
  m_PrefabInstance: {fileID: 0}
  m_PrefabAsset: {fileID: 0}
  serializedVersion: 6
  m_Component:
  - component: {fileID: 342498957}
  - component: {fileID: 342498956}
  - component: {fileID: 342498955}
  - component: {fileID: 342498954}
  m_Layer: 0
  m_Name: Plane (2)
  m_TagString: Untagged
  m_Icon: {fileID: 0}
  m_NavMeshLayer: 0
  m_StaticEditorFlags: 0
  m_IsActive: 1
--- !u!64 &342498954
MeshCollider:
  m_ObjectHideFlags: 0
  m_CorrespondingSourceObject: {fileID: 0}
  m_PrefabInstance: {fileID: 0}
  m_PrefabAsset: {fileID: 0}
  m_GameObject: {fileID: 342498953}
  m_Material: {fileID: 0}
  m_IsTrigger: 0
  m_Enabled: 1
  serializedVersion: 4
  m_Convex: 0
  m_CookingOptions: 30
  m_Mesh: {fileID: 10209, guid: 0000000000000000e000000000000000, type: 0}
--- !u!23 &342498955
MeshRenderer:
  m_ObjectHideFlags: 0
  m_CorrespondingSourceObject: {fileID: 0}
  m_PrefabInstance: {fileID: 0}
  m_PrefabAsset: {fileID: 0}
  m_GameObject: {fileID: 342498953}
  m_Enabled: 1
  m_CastShadows: 1
  m_ReceiveShadows: 1
  m_DynamicOccludee: 1
  m_MotionVectors: 1
  m_LightProbeUsage: 1
  m_ReflectionProbeUsage: 1
  m_RayTracingMode: 2
  m_RenderingLayerMask: 1
  m_RendererPriority: 0
  m_Materials:
  - {fileID: 2100000, guid: 2f8858dfe624f89409c582849bdc5b4d, type: 2}
  m_StaticBatchInfo:
    firstSubMesh: 0
    subMeshCount: 0
  m_StaticBatchRoot: {fileID: 0}
  m_ProbeAnchor: {fileID: 0}
  m_LightProbeVolumeOverride: {fileID: 0}
  m_ScaleInLightmap: 1
  m_ReceiveGI: 1
  m_PreserveUVs: 0
  m_IgnoreNormalsForChartDetection: 0
  m_ImportantGI: 0
  m_StitchLightmapSeams: 1
  m_SelectedEditorRenderState: 3
  m_MinimumChartSize: 4
  m_AutoUVMaxDistance: 0.5
  m_AutoUVMaxAngle: 89
  m_LightmapParameters: {fileID: 0}
  m_SortingLayerID: 0
  m_SortingLayer: 0
  m_SortingOrder: 0
--- !u!33 &342498956
MeshFilter:
  m_ObjectHideFlags: 0
  m_CorrespondingSourceObject: {fileID: 0}
  m_PrefabInstance: {fileID: 0}
  m_PrefabAsset: {fileID: 0}
  m_GameObject: {fileID: 342498953}
  m_Mesh: {fileID: 10209, guid: 0000000000000000e000000000000000, type: 0}
--- !u!4 &342498957
Transform:
  m_ObjectHideFlags: 0
  m_CorrespondingSourceObject: {fileID: 0}
  m_PrefabInstance: {fileID: 0}
  m_PrefabAsset: {fileID: 0}
  m_GameObject: {fileID: 342498953}
  m_LocalRotation: {x: -0.10920427, y: 0.9909939, z: -0.005141615, w: 0.077324316}
  m_LocalPosition: {x: -0.855, y: 1.174, z: 7.573}
  m_LocalScale: {x: 0.32341245, y: 0.4858623, z: 0.21484464}
  m_Children:
  - {fileID: 1844218328}
  - {fileID: 1726130673}
  m_Father: {fileID: 0}
  m_RootOrder: 22
  m_LocalEulerAnglesHint: {x: -0.384, y: 171.119, z: -12.547001}
--- !u!1001 &355048358
PrefabInstance:
  m_ObjectHideFlags: 0
  serializedVersion: 2
  m_Modification:
    m_TransformParent: {fileID: 0}
    m_Modifications:
    - target: {fileID: 8394893932085894315, guid: 398ed7d668775a343a04b98636790755,
        type: 3}
      propertyPath: m_Name
      value: Skittle
      objectReference: {fileID: 0}
    - target: {fileID: 8394893932085894480, guid: 398ed7d668775a343a04b98636790755,
        type: 3}
      propertyPath: m_LocalPosition.x
      value: -5.5061984
      objectReference: {fileID: 0}
    - target: {fileID: 8394893932085894480, guid: 398ed7d668775a343a04b98636790755,
        type: 3}
      propertyPath: m_LocalPosition.y
      value: 2.9049985
      objectReference: {fileID: 0}
    - target: {fileID: 8394893932085894480, guid: 398ed7d668775a343a04b98636790755,
        type: 3}
      propertyPath: m_LocalPosition.z
      value: 6.479444
      objectReference: {fileID: 0}
    - target: {fileID: 8394893932085894480, guid: 398ed7d668775a343a04b98636790755,
        type: 3}
      propertyPath: m_LocalRotation.x
      value: 0.002639942
      objectReference: {fileID: 0}
    - target: {fileID: 8394893932085894480, guid: 398ed7d668775a343a04b98636790755,
        type: 3}
      propertyPath: m_LocalRotation.y
      value: -0.06099369
      objectReference: {fileID: 0}
    - target: {fileID: 8394893932085894480, guid: 398ed7d668775a343a04b98636790755,
        type: 3}
      propertyPath: m_LocalRotation.z
      value: -0.043161076
      objectReference: {fileID: 0}
    - target: {fileID: 8394893932085894480, guid: 398ed7d668775a343a04b98636790755,
        type: 3}
      propertyPath: m_LocalRotation.w
      value: 0.9972011
      objectReference: {fileID: 0}
    - target: {fileID: 8394893932085894480, guid: 398ed7d668775a343a04b98636790755,
        type: 3}
      propertyPath: m_RootOrder
      value: 13
      objectReference: {fileID: 0}
    - target: {fileID: 8394893932085894480, guid: 398ed7d668775a343a04b98636790755,
        type: 3}
      propertyPath: m_LocalEulerAnglesHint.x
      value: 0
      objectReference: {fileID: 0}
    - target: {fileID: 8394893932085894480, guid: 398ed7d668775a343a04b98636790755,
        type: 3}
      propertyPath: m_LocalEulerAnglesHint.y
      value: -7.0000005
      objectReference: {fileID: 0}
    - target: {fileID: 8394893932085894480, guid: 398ed7d668775a343a04b98636790755,
        type: 3}
      propertyPath: m_LocalEulerAnglesHint.z
      value: -4.9570003
      objectReference: {fileID: 0}
    - target: {fileID: 8394893932085894486, guid: 398ed7d668775a343a04b98636790755,
        type: 3}
      propertyPath: m_Materials.Array.data[0]
      value: 
      objectReference: {fileID: 2100000, guid: 8bc53ffc503125a418dd0c9be96ef231, type: 2}
    m_RemovedComponents: []
  m_SourcePrefab: {fileID: 100100000, guid: 398ed7d668775a343a04b98636790755, type: 3}
--- !u!1001 &413535213
PrefabInstance:
  m_ObjectHideFlags: 0
  serializedVersion: 2
  m_Modification:
    m_TransformParent: {fileID: 0}
    m_Modifications:
    - target: {fileID: 8394893932085894315, guid: 398ed7d668775a343a04b98636790755,
        type: 3}
      propertyPath: m_Name
      value: Skittle (4)
      objectReference: {fileID: 0}
    - target: {fileID: 8394893932085894480, guid: 398ed7d668775a343a04b98636790755,
        type: 3}
      propertyPath: m_LocalPosition.x
      value: -6.1016693
      objectReference: {fileID: 0}
    - target: {fileID: 8394893932085894480, guid: 398ed7d668775a343a04b98636790755,
        type: 3}
      propertyPath: m_LocalPosition.y
      value: 2.8863428
      objectReference: {fileID: 0}
    - target: {fileID: 8394893932085894480, guid: 398ed7d668775a343a04b98636790755,
        type: 3}
      propertyPath: m_LocalPosition.z
      value: 7.2261353
      objectReference: {fileID: 0}
    - target: {fileID: 8394893932085894480, guid: 398ed7d668775a343a04b98636790755,
        type: 3}
      propertyPath: m_LocalRotation.x
      value: 0.002639942
      objectReference: {fileID: 0}
    - target: {fileID: 8394893932085894480, guid: 398ed7d668775a343a04b98636790755,
        type: 3}
      propertyPath: m_LocalRotation.y
      value: -0.06099369
      objectReference: {fileID: 0}
    - target: {fileID: 8394893932085894480, guid: 398ed7d668775a343a04b98636790755,
        type: 3}
      propertyPath: m_LocalRotation.z
      value: -0.043161076
      objectReference: {fileID: 0}
    - target: {fileID: 8394893932085894480, guid: 398ed7d668775a343a04b98636790755,
        type: 3}
      propertyPath: m_LocalRotation.w
      value: 0.9972011
      objectReference: {fileID: 0}
    - target: {fileID: 8394893932085894480, guid: 398ed7d668775a343a04b98636790755,
        type: 3}
      propertyPath: m_RootOrder
      value: 9
      objectReference: {fileID: 0}
    - target: {fileID: 8394893932085894480, guid: 398ed7d668775a343a04b98636790755,
        type: 3}
      propertyPath: m_LocalEulerAnglesHint.x
      value: 0
      objectReference: {fileID: 0}
    - target: {fileID: 8394893932085894480, guid: 398ed7d668775a343a04b98636790755,
        type: 3}
      propertyPath: m_LocalEulerAnglesHint.y
      value: -7.0000005
      objectReference: {fileID: 0}
    - target: {fileID: 8394893932085894480, guid: 398ed7d668775a343a04b98636790755,
        type: 3}
      propertyPath: m_LocalEulerAnglesHint.z
      value: -4.9570003
      objectReference: {fileID: 0}
    - target: {fileID: 8394893932085894486, guid: 398ed7d668775a343a04b98636790755,
        type: 3}
      propertyPath: m_Materials.Array.data[0]
      value: 
      objectReference: {fileID: 2100000, guid: 8bc53ffc503125a418dd0c9be96ef231, type: 2}
    m_RemovedComponents: []
  m_SourcePrefab: {fileID: 100100000, guid: 398ed7d668775a343a04b98636790755, type: 3}
--- !u!1001 &730456132
PrefabInstance:
  m_ObjectHideFlags: 0
  serializedVersion: 2
  m_Modification:
    m_TransformParent: {fileID: 0}
    m_Modifications:
    - target: {fileID: 8394893932085894315, guid: 398ed7d668775a343a04b98636790755,
        type: 3}
      propertyPath: m_Name
      value: Skittle (3)
      objectReference: {fileID: 0}
    - target: {fileID: 8394893932085894480, guid: 398ed7d668775a343a04b98636790755,
        type: 3}
      propertyPath: m_LocalPosition.x
      value: -8.527334
      objectReference: {fileID: 0}
    - target: {fileID: 8394893932085894480, guid: 398ed7d668775a343a04b98636790755,
        type: 3}
      propertyPath: m_LocalPosition.y
      value: 2.9000466
      objectReference: {fileID: 0}
    - target: {fileID: 8394893932085894480, guid: 398ed7d668775a343a04b98636790755,
        type: 3}
      propertyPath: m_LocalPosition.z
      value: 6.308787
      objectReference: {fileID: 0}
    - target: {fileID: 8394893932085894480, guid: 398ed7d668775a343a04b98636790755,
        type: 3}
      propertyPath: m_LocalRotation.x
      value: 0.002639942
      objectReference: {fileID: 0}
    - target: {fileID: 8394893932085894480, guid: 398ed7d668775a343a04b98636790755,
        type: 3}
      propertyPath: m_LocalRotation.y
      value: -0.06099369
      objectReference: {fileID: 0}
    - target: {fileID: 8394893932085894480, guid: 398ed7d668775a343a04b98636790755,
        type: 3}
      propertyPath: m_LocalRotation.z
      value: -0.043161076
      objectReference: {fileID: 0}
    - target: {fileID: 8394893932085894480, guid: 398ed7d668775a343a04b98636790755,
        type: 3}
      propertyPath: m_LocalRotation.w
      value: 0.9972011
      objectReference: {fileID: 0}
    - target: {fileID: 8394893932085894480, guid: 398ed7d668775a343a04b98636790755,
        type: 3}
      propertyPath: m_RootOrder
      value: 10
      objectReference: {fileID: 0}
    - target: {fileID: 8394893932085894480, guid: 398ed7d668775a343a04b98636790755,
        type: 3}
      propertyPath: m_LocalEulerAnglesHint.x
      value: 0
      objectReference: {fileID: 0}
    - target: {fileID: 8394893932085894480, guid: 398ed7d668775a343a04b98636790755,
        type: 3}
      propertyPath: m_LocalEulerAnglesHint.y
      value: -7.0000005
      objectReference: {fileID: 0}
    - target: {fileID: 8394893932085894480, guid: 398ed7d668775a343a04b98636790755,
        type: 3}
      propertyPath: m_LocalEulerAnglesHint.z
      value: -4.9570003
      objectReference: {fileID: 0}
    - target: {fileID: 8394893932085894486, guid: 398ed7d668775a343a04b98636790755,
        type: 3}
      propertyPath: m_Materials.Array.data[0]
      value: 
      objectReference: {fileID: 2100000, guid: 8bc53ffc503125a418dd0c9be96ef231, type: 2}
    m_RemovedComponents: []
  m_SourcePrefab: {fileID: 100100000, guid: 398ed7d668775a343a04b98636790755, type: 3}
--- !u!1 &837927336
GameObject:
  m_ObjectHideFlags: 0
  m_CorrespondingSourceObject: {fileID: 0}
  m_PrefabInstance: {fileID: 0}
  m_PrefabAsset: {fileID: 0}
  serializedVersion: 6
  m_Component:
  - component: {fileID: 837927337}
  - component: {fileID: 837927340}
  - component: {fileID: 837927339}
  - component: {fileID: 837927338}
  m_Layer: 0
  m_Name: Cylinder
  m_TagString: Untagged
  m_Icon: {fileID: 0}
  m_NavMeshLayer: 0
  m_StaticEditorFlags: 0
  m_IsActive: 1
--- !u!4 &837927337
Transform:
  m_ObjectHideFlags: 0
  m_CorrespondingSourceObject: {fileID: 0}
  m_PrefabInstance: {fileID: 0}
  m_PrefabAsset: {fileID: 0}
  m_GameObject: {fileID: 837927336}
  m_LocalRotation: {x: 0.5238328, y: -0.48545814, z: 0.4723258, w: 0.51656365}
  m_LocalPosition: {x: -0.0365792, y: 0.4113823, z: -4.6325126}
  m_LocalScale: {x: 1.8110769, y: 5.080545, z: 1.0001581}
  m_Children: []
  m_Father: {fileID: 1347186688}
  m_RootOrder: 0
  m_LocalEulerAnglesHint: {x: 103.70398, y: -0.000015258789, z: -0.000015258789}
--- !u!136 &837927338
CapsuleCollider:
  m_ObjectHideFlags: 0
  m_CorrespondingSourceObject: {fileID: 0}
  m_PrefabInstance: {fileID: 0}
  m_PrefabAsset: {fileID: 0}
  m_GameObject: {fileID: 837927336}
  m_Material: {fileID: 0}
  m_IsTrigger: 0
  m_Enabled: 1
  m_Radius: 0.5000001
  m_Height: 2
  m_Direction: 1
  m_Center: {x: 0.000000059604645, y: 0, z: -0.00000008940697}
--- !u!23 &837927339
MeshRenderer:
  m_ObjectHideFlags: 0
  m_CorrespondingSourceObject: {fileID: 0}
  m_PrefabInstance: {fileID: 0}
  m_PrefabAsset: {fileID: 0}
  m_GameObject: {fileID: 837927336}
  m_Enabled: 1
  m_CastShadows: 1
  m_ReceiveShadows: 1
  m_DynamicOccludee: 1
  m_MotionVectors: 1
  m_LightProbeUsage: 1
  m_ReflectionProbeUsage: 1
  m_RayTracingMode: 2
  m_RenderingLayerMask: 1
  m_RendererPriority: 0
  m_Materials:
  - {fileID: 2100000, guid: 0f75fb3ca6317c64392be23f8e5c40ba, type: 2}
  m_StaticBatchInfo:
    firstSubMesh: 0
    subMeshCount: 0
  m_StaticBatchRoot: {fileID: 0}
  m_ProbeAnchor: {fileID: 0}
  m_LightProbeVolumeOverride: {fileID: 0}
  m_ScaleInLightmap: 1
  m_ReceiveGI: 1
  m_PreserveUVs: 0
  m_IgnoreNormalsForChartDetection: 0
  m_ImportantGI: 0
  m_StitchLightmapSeams: 1
  m_SelectedEditorRenderState: 3
  m_MinimumChartSize: 4
  m_AutoUVMaxDistance: 0.5
  m_AutoUVMaxAngle: 89
  m_LightmapParameters: {fileID: 0}
  m_SortingLayerID: 0
  m_SortingLayer: 0
  m_SortingOrder: 0
--- !u!33 &837927340
MeshFilter:
  m_ObjectHideFlags: 0
  m_CorrespondingSourceObject: {fileID: 0}
  m_PrefabInstance: {fileID: 0}
  m_PrefabAsset: {fileID: 0}
  m_GameObject: {fileID: 837927336}
  m_Mesh: {fileID: 10206, guid: 0000000000000000e000000000000000, type: 0}
--- !u!1 &872854443
GameObject:
  m_ObjectHideFlags: 0
  m_CorrespondingSourceObject: {fileID: 0}
  m_PrefabInstance: {fileID: 0}
  m_PrefabAsset: {fileID: 0}
  serializedVersion: 6
  m_Component:
  - component: {fileID: 872854445}
  - component: {fileID: 872854444}
  m_Layer: 0
  m_Name: Directional Light
  m_TagString: Untagged
  m_Icon: {fileID: 0}
  m_NavMeshLayer: 0
  m_StaticEditorFlags: 0
  m_IsActive: 1
--- !u!108 &872854444
Light:
  m_ObjectHideFlags: 0
  m_CorrespondingSourceObject: {fileID: 0}
  m_PrefabInstance: {fileID: 0}
  m_PrefabAsset: {fileID: 0}
  m_GameObject: {fileID: 872854443}
  m_Enabled: 1
  serializedVersion: 10
  m_Type: 1
  m_Shape: 0
  m_Color: {r: 1, g: 0.95686275, b: 0.8392157, a: 1}
  m_Intensity: 1
  m_Range: 10
  m_SpotAngle: 30
  m_InnerSpotAngle: 21.80208
  m_CookieSize: 10
  m_Shadows:
    m_Type: 2
    m_Resolution: -1
    m_CustomResolution: -1
    m_Strength: 1
    m_Bias: 0.05
    m_NormalBias: 0.4
    m_NearPlane: 0.2
    m_CullingMatrixOverride:
      e00: 1
      e01: 0
      e02: 0
      e03: 0
      e10: 0
      e11: 1
      e12: 0
      e13: 0
      e20: 0
      e21: 0
      e22: 1
      e23: 0
      e30: 0
      e31: 0
      e32: 0
      e33: 1
    m_UseCullingMatrixOverride: 0
  m_Cookie: {fileID: 0}
  m_DrawHalo: 0
  m_Flare: {fileID: 0}
  m_RenderMode: 0
  m_CullingMask:
    serializedVersion: 2
    m_Bits: 4294967295
  m_RenderingLayerMask: 1
  m_Lightmapping: 4
  m_LightShadowCasterMode: 0
  m_AreaSize: {x: 1, y: 1}
  m_BounceIntensity: 1
  m_ColorTemperature: 6570
  m_UseColorTemperature: 0
  m_BoundingSphereOverride: {x: 0, y: 0, z: 0, w: 0}
  m_UseBoundingSphereOverride: 0
  m_ShadowRadius: 0
  m_ShadowAngle: 0
--- !u!4 &872854445
Transform:
  m_ObjectHideFlags: 0
  m_CorrespondingSourceObject: {fileID: 0}
  m_PrefabInstance: {fileID: 0}
  m_PrefabAsset: {fileID: 0}
  m_GameObject: {fileID: 872854443}
  m_LocalRotation: {x: 0.40821788, y: -0.23456968, z: 0.10938163, w: 0.8754261}
  m_LocalPosition: {x: 0, y: 3, z: 0}
  m_LocalScale: {x: 1, y: 1, z: 1}
  m_Children: []
  m_Father: {fileID: 0}
  m_RootOrder: 14
  m_LocalEulerAnglesHint: {x: 50, y: -30, z: 0}
--- !u!1001 &969503286
PrefabInstance:
  m_ObjectHideFlags: 0
  serializedVersion: 2
  m_Modification:
    m_TransformParent: {fileID: 0}
    m_Modifications:
    - target: {fileID: 8394893932085894315, guid: 398ed7d668775a343a04b98636790755,
        type: 3}
      propertyPath: m_Name
      value: Skittle (11)
      objectReference: {fileID: 0}
    - target: {fileID: 8394893932085894480, guid: 398ed7d668775a343a04b98636790755,
        type: 3}
      propertyPath: m_LocalPosition.x
      value: -7.52
      objectReference: {fileID: 0}
    - target: {fileID: 8394893932085894480, guid: 398ed7d668775a343a04b98636790755,
        type: 3}
      propertyPath: m_LocalPosition.y
      value: 2.8719947
      objectReference: {fileID: 0}
    - target: {fileID: 8394893932085894480, guid: 398ed7d668775a343a04b98636790755,
        type: 3}
      propertyPath: m_LocalPosition.z
      value: 8.14
      objectReference: {fileID: 0}
    - target: {fileID: 8394893932085894480, guid: 398ed7d668775a343a04b98636790755,
        type: 3}
      propertyPath: m_LocalRotation.x
      value: 0.002639942
      objectReference: {fileID: 0}
    - target: {fileID: 8394893932085894480, guid: 398ed7d668775a343a04b98636790755,
        type: 3}
      propertyPath: m_LocalRotation.y
      value: -0.06099369
      objectReference: {fileID: 0}
    - target: {fileID: 8394893932085894480, guid: 398ed7d668775a343a04b98636790755,
        type: 3}
      propertyPath: m_LocalRotation.z
      value: -0.043161076
      objectReference: {fileID: 0}
    - target: {fileID: 8394893932085894480, guid: 398ed7d668775a343a04b98636790755,
        type: 3}
      propertyPath: m_LocalRotation.w
      value: 0.9972011
      objectReference: {fileID: 0}
    - target: {fileID: 8394893932085894480, guid: 398ed7d668775a343a04b98636790755,
        type: 3}
      propertyPath: m_RootOrder
      value: 2
      objectReference: {fileID: 0}
    - target: {fileID: 8394893932085894480, guid: 398ed7d668775a343a04b98636790755,
        type: 3}
      propertyPath: m_LocalEulerAnglesHint.x
      value: 0
      objectReference: {fileID: 0}
    - target: {fileID: 8394893932085894480, guid: 398ed7d668775a343a04b98636790755,
        type: 3}
      propertyPath: m_LocalEulerAnglesHint.y
      value: -7.0000005
      objectReference: {fileID: 0}
    - target: {fileID: 8394893932085894480, guid: 398ed7d668775a343a04b98636790755,
        type: 3}
      propertyPath: m_LocalEulerAnglesHint.z
      value: -4.9570003
      objectReference: {fileID: 0}
    - target: {fileID: 8394893932085894486, guid: 398ed7d668775a343a04b98636790755,
        type: 3}
      propertyPath: m_Materials.Array.data[0]
      value: 
      objectReference: {fileID: 2100000, guid: 8bc53ffc503125a418dd0c9be96ef231, type: 2}
    m_RemovedComponents: []
  m_SourcePrefab: {fileID: 100100000, guid: 398ed7d668775a343a04b98636790755, type: 3}
--- !u!1 &983355871
GameObject:
  m_ObjectHideFlags: 0
  m_CorrespondingSourceObject: {fileID: 0}
  m_PrefabInstance: {fileID: 0}
  m_PrefabAsset: {fileID: 0}
  serializedVersion: 6
  m_Component:
  - component: {fileID: 983355872}
  - component: {fileID: 983355875}
  - component: {fileID: 983355874}
  - component: {fileID: 983355873}
  m_Layer: 0
  m_Name: Cube
  m_TagString: Untagged
  m_Icon: {fileID: 0}
  m_NavMeshLayer: 0
  m_StaticEditorFlags: 0
  m_IsActive: 1
--- !u!4 &983355872
Transform:
  m_ObjectHideFlags: 0
  m_CorrespondingSourceObject: {fileID: 0}
  m_PrefabInstance: {fileID: 0}
  m_PrefabAsset: {fileID: 0}
  m_GameObject: {fileID: 983355871}
  m_LocalRotation: {x: 0.011379037, y: -0.04365933, z: 0.00096327066, w: 0.99898124}
  m_LocalPosition: {x: -6.8872323, y: 1.6755445, z: 7.1793404}
  m_LocalScale: {x: 5.704383, y: 0.9961291, z: 3.125819}
  m_Children: []
  m_Father: {fileID: 0}
  m_RootOrder: 18
  m_LocalEulerAnglesHint: {x: -12.732, y: -90.130005, z: 0.085}
--- !u!65 &983355873
BoxCollider:
  m_ObjectHideFlags: 0
  m_CorrespondingSourceObject: {fileID: 0}
  m_PrefabInstance: {fileID: 0}
  m_PrefabAsset: {fileID: 0}
  m_GameObject: {fileID: 983355871}
  m_Material: {fileID: 0}
  m_IsTrigger: 0
  m_Enabled: 1
  serializedVersion: 2
  m_Size: {x: 1, y: 1, z: 1}
  m_Center: {x: 0, y: 0, z: 0}
--- !u!23 &983355874
MeshRenderer:
  m_ObjectHideFlags: 0
  m_CorrespondingSourceObject: {fileID: 0}
  m_PrefabInstance: {fileID: 0}
  m_PrefabAsset: {fileID: 0}
  m_GameObject: {fileID: 983355871}
  m_Enabled: 1
  m_CastShadows: 1
  m_ReceiveShadows: 1
  m_DynamicOccludee: 1
  m_MotionVectors: 1
  m_LightProbeUsage: 1
  m_ReflectionProbeUsage: 1
  m_RayTracingMode: 2
  m_RenderingLayerMask: 1
  m_RendererPriority: 0
  m_Materials:
  - {fileID: 2100000, guid: eb4b4bfc5a2ddc8409dceb6826c1afc9, type: 2}
  m_StaticBatchInfo:
    firstSubMesh: 0
    subMeshCount: 0
  m_StaticBatchRoot: {fileID: 0}
  m_ProbeAnchor: {fileID: 0}
  m_LightProbeVolumeOverride: {fileID: 0}
  m_ScaleInLightmap: 1
  m_ReceiveGI: 1
  m_PreserveUVs: 0
  m_IgnoreNormalsForChartDetection: 0
  m_ImportantGI: 0
  m_StitchLightmapSeams: 1
  m_SelectedEditorRenderState: 3
  m_MinimumChartSize: 4
  m_AutoUVMaxDistance: 0.5
  m_AutoUVMaxAngle: 89
  m_LightmapParameters: {fileID: 0}
  m_SortingLayerID: 0
  m_SortingLayer: 0
  m_SortingOrder: 0
--- !u!33 &983355875
MeshFilter:
  m_ObjectHideFlags: 0
  m_CorrespondingSourceObject: {fileID: 0}
  m_PrefabInstance: {fileID: 0}
  m_PrefabAsset: {fileID: 0}
  m_GameObject: {fileID: 983355871}
  m_Mesh: {fileID: 10202, guid: 0000000000000000e000000000000000, type: 0}
--- !u!1 &1127371395
GameObject:
  m_ObjectHideFlags: 0
  m_CorrespondingSourceObject: {fileID: 0}
  m_PrefabInstance: {fileID: 0}
  m_PrefabAsset: {fileID: 0}
  serializedVersion: 6
  m_Component:
  - component: {fileID: 1127371398}
  - component: {fileID: 1127371397}
  - component: {fileID: 1127371396}
  m_Layer: 0
  m_Name: Main Camera
  m_TagString: MainCamera
  m_Icon: {fileID: 0}
  m_NavMeshLayer: 0
  m_StaticEditorFlags: 0
  m_IsActive: 1
--- !u!81 &1127371396
AudioListener:
  m_ObjectHideFlags: 0
  m_CorrespondingSourceObject: {fileID: 0}
  m_PrefabInstance: {fileID: 0}
  m_PrefabAsset: {fileID: 0}
  m_GameObject: {fileID: 1127371395}
  m_Enabled: 1
--- !u!20 &1127371397
Camera:
  m_ObjectHideFlags: 0
  m_CorrespondingSourceObject: {fileID: 0}
  m_PrefabInstance: {fileID: 0}
  m_PrefabAsset: {fileID: 0}
  m_GameObject: {fileID: 1127371395}
  m_Enabled: 1
  serializedVersion: 2
  m_ClearFlags: 1
  m_BackGroundColor: {r: 0.19215687, g: 0.3019608, b: 0.4745098, a: 0}
  m_projectionMatrixMode: 1
  m_GateFitMode: 2
  m_FOVAxisMode: 0
  m_SensorSize: {x: 36, y: 24}
  m_LensShift: {x: 0, y: 0}
  m_FocalLength: 50
  m_NormalizedViewPortRect:
    serializedVersion: 2
    x: 0
    y: 0
    width: 1
    height: 1
  near clip plane: 0.3
  far clip plane: 1000
  field of view: 60
  orthographic: 0
  orthographic size: 5
  m_Depth: -1
  m_CullingMask:
    serializedVersion: 2
    m_Bits: 4294967295
  m_RenderingPath: -1
  m_TargetTexture: {fileID: 0}
  m_TargetDisplay: 0
  m_TargetEye: 3
  m_HDR: 1
  m_AllowMSAA: 1
  m_AllowDynamicResolution: 0
  m_ForceIntoRT: 0
  m_OcclusionCulling: 1
  m_StereoConvergence: 10
  m_StereoSeparation: 0.022
--- !u!4 &1127371398
Transform:
  m_ObjectHideFlags: 0
  m_CorrespondingSourceObject: {fileID: 0}
  m_PrefabInstance: {fileID: 0}
  m_PrefabAsset: {fileID: 0}
  m_GameObject: {fileID: 1127371395}
  m_LocalRotation: {x: 0.0839423, y: -0.73455715, z: 0.09245029, w: 0.6669577}
  m_LocalPosition: {x: 8.18, y: 8.67, z: 6.67}
  m_LocalScale: {x: 1, y: 1, z: 1}
  m_Children: []
  m_Father: {fileID: 0}
  m_RootOrder: 0
  m_LocalEulerAnglesHint: {x: 14.347001, y: -95.523, z: 0}
--- !u!1001 &1153008558
PrefabInstance:
  m_ObjectHideFlags: 0
  serializedVersion: 2
  m_Modification:
    m_TransformParent: {fileID: 0}
    m_Modifications:
    - target: {fileID: 8394893932085894315, guid: 398ed7d668775a343a04b98636790755,
        type: 3}
      propertyPath: m_Name
      value: Skittle (8)
      objectReference: {fileID: 0}
    - target: {fileID: 8394893932085894480, guid: 398ed7d668775a343a04b98636790755,
        type: 3}
      propertyPath: m_LocalPosition.x
      value: -8.549696
      objectReference: {fileID: 0}
    - target: {fileID: 8394893932085894480, guid: 398ed7d668775a343a04b98636790755,
        type: 3}
      propertyPath: m_LocalPosition.y
      value: 2.8860018
      objectReference: {fileID: 0}
    - target: {fileID: 8394893932085894480, guid: 398ed7d668775a343a04b98636790755,
        type: 3}
      propertyPath: m_LocalPosition.z
      value: 6.92578
      objectReference: {fileID: 0}
    - target: {fileID: 8394893932085894480, guid: 398ed7d668775a343a04b98636790755,
        type: 3}
      propertyPath: m_LocalRotation.x
      value: 0.002639942
      objectReference: {fileID: 0}
    - target: {fileID: 8394893932085894480, guid: 398ed7d668775a343a04b98636790755,
        type: 3}
      propertyPath: m_LocalRotation.y
      value: -0.06099369
      objectReference: {fileID: 0}
    - target: {fileID: 8394893932085894480, guid: 398ed7d668775a343a04b98636790755,
        type: 3}
      propertyPath: m_LocalRotation.z
      value: -0.043161076
      objectReference: {fileID: 0}
    - target: {fileID: 8394893932085894480, guid: 398ed7d668775a343a04b98636790755,
        type: 3}
      propertyPath: m_LocalRotation.w
      value: 0.9972011
      objectReference: {fileID: 0}
    - target: {fileID: 8394893932085894480, guid: 398ed7d668775a343a04b98636790755,
        type: 3}
      propertyPath: m_RootOrder
      value: 5
      objectReference: {fileID: 0}
    - target: {fileID: 8394893932085894480, guid: 398ed7d668775a343a04b98636790755,
        type: 3}
      propertyPath: m_LocalEulerAnglesHint.x
      value: 0
      objectReference: {fileID: 0}
    - target: {fileID: 8394893932085894480, guid: 398ed7d668775a343a04b98636790755,
        type: 3}
      propertyPath: m_LocalEulerAnglesHint.y
      value: -7.0000005
      objectReference: {fileID: 0}
    - target: {fileID: 8394893932085894480, guid: 398ed7d668775a343a04b98636790755,
        type: 3}
      propertyPath: m_LocalEulerAnglesHint.z
      value: -4.9570003
      objectReference: {fileID: 0}
    - target: {fileID: 8394893932085894486, guid: 398ed7d668775a343a04b98636790755,
        type: 3}
      propertyPath: m_Materials.Array.data[0]
      value: 
      objectReference: {fileID: 2100000, guid: 8bc53ffc503125a418dd0c9be96ef231, type: 2}
    m_RemovedComponents: []
  m_SourcePrefab: {fileID: 100100000, guid: 398ed7d668775a343a04b98636790755, type: 3}
--- !u!1001 &1177642777
PrefabInstance:
  m_ObjectHideFlags: 0
  serializedVersion: 2
  m_Modification:
    m_TransformParent: {fileID: 0}
    m_Modifications:
    - target: {fileID: 8394893932085894315, guid: 398ed7d668775a343a04b98636790755,
        type: 3}
      propertyPath: m_Name
      value: Skittle (10)
      objectReference: {fileID: 0}
    - target: {fileID: 8394893932085894480, guid: 398ed7d668775a343a04b98636790755,
        type: 3}
      propertyPath: m_LocalPosition.x
      value: -6.54
      objectReference: {fileID: 0}
    - target: {fileID: 8394893932085894480, guid: 398ed7d668775a343a04b98636790755,
        type: 3}
      propertyPath: m_LocalPosition.y
      value: 2.85
      objectReference: {fileID: 0}
    - target: {fileID: 8394893932085894480, guid: 398ed7d668775a343a04b98636790755,
        type: 3}
      propertyPath: m_LocalPosition.z
      value: 8.18
      objectReference: {fileID: 0}
    - target: {fileID: 8394893932085894480, guid: 398ed7d668775a343a04b98636790755,
        type: 3}
      propertyPath: m_LocalRotation.x
      value: 0.002639942
      objectReference: {fileID: 0}
    - target: {fileID: 8394893932085894480, guid: 398ed7d668775a343a04b98636790755,
        type: 3}
      propertyPath: m_LocalRotation.y
      value: -0.06099369
      objectReference: {fileID: 0}
    - target: {fileID: 8394893932085894480, guid: 398ed7d668775a343a04b98636790755,
        type: 3}
      propertyPath: m_LocalRotation.z
      value: -0.043161076
      objectReference: {fileID: 0}
    - target: {fileID: 8394893932085894480, guid: 398ed7d668775a343a04b98636790755,
        type: 3}
      propertyPath: m_LocalRotation.w
      value: 0.9972011
      objectReference: {fileID: 0}
    - target: {fileID: 8394893932085894480, guid: 398ed7d668775a343a04b98636790755,
        type: 3}
      propertyPath: m_RootOrder
      value: 3
      objectReference: {fileID: 0}
    - target: {fileID: 8394893932085894480, guid: 398ed7d668775a343a04b98636790755,
        type: 3}
      propertyPath: m_LocalEulerAnglesHint.x
      value: 0
      objectReference: {fileID: 0}
    - target: {fileID: 8394893932085894480, guid: 398ed7d668775a343a04b98636790755,
        type: 3}
      propertyPath: m_LocalEulerAnglesHint.y
      value: -7.0000005
      objectReference: {fileID: 0}
    - target: {fileID: 8394893932085894480, guid: 398ed7d668775a343a04b98636790755,
        type: 3}
      propertyPath: m_LocalEulerAnglesHint.z
      value: -4.9570003
      objectReference: {fileID: 0}
    - target: {fileID: 8394893932085894486, guid: 398ed7d668775a343a04b98636790755,
        type: 3}
      propertyPath: m_Materials.Array.data[0]
      value: 
      objectReference: {fileID: 2100000, guid: 8bc53ffc503125a418dd0c9be96ef231, type: 2}
    m_RemovedComponents: []
  m_SourcePrefab: {fileID: 100100000, guid: 398ed7d668775a343a04b98636790755, type: 3}
--- !u!1001 &1202873715
PrefabInstance:
  m_ObjectHideFlags: 0
  serializedVersion: 2
  m_Modification:
    m_TransformParent: {fileID: 0}
    m_Modifications:
    - target: {fileID: 8394893932085894315, guid: 398ed7d668775a343a04b98636790755,
        type: 3}
      propertyPath: m_Name
      value: Skittle (9)
      objectReference: {fileID: 0}
    - target: {fileID: 8394893932085894480, guid: 398ed7d668775a343a04b98636790755,
        type: 3}
      propertyPath: m_LocalPosition.x
      value: -5.36
      objectReference: {fileID: 0}
    - target: {fileID: 8394893932085894480, guid: 398ed7d668775a343a04b98636790755,
        type: 3}
      propertyPath: m_LocalPosition.y
      value: 2.83
      objectReference: {fileID: 0}
    - target: {fileID: 8394893932085894480, guid: 398ed7d668775a343a04b98636790755,
        type: 3}
      propertyPath: m_LocalPosition.z
      value: 8.26
      objectReference: {fileID: 0}
    - target: {fileID: 8394893932085894480, guid: 398ed7d668775a343a04b98636790755,
        type: 3}
      propertyPath: m_LocalRotation.x
      value: 0.002639942
      objectReference: {fileID: 0}
    - target: {fileID: 8394893932085894480, guid: 398ed7d668775a343a04b98636790755,
        type: 3}
      propertyPath: m_LocalRotation.y
      value: -0.06099369
      objectReference: {fileID: 0}
    - target: {fileID: 8394893932085894480, guid: 398ed7d668775a343a04b98636790755,
        type: 3}
      propertyPath: m_LocalRotation.z
      value: -0.043161076
      objectReference: {fileID: 0}
    - target: {fileID: 8394893932085894480, guid: 398ed7d668775a343a04b98636790755,
        type: 3}
      propertyPath: m_LocalRotation.w
      value: 0.9972011
      objectReference: {fileID: 0}
    - target: {fileID: 8394893932085894480, guid: 398ed7d668775a343a04b98636790755,
        type: 3}
      propertyPath: m_RootOrder
      value: 4
      objectReference: {fileID: 0}
    - target: {fileID: 8394893932085894480, guid: 398ed7d668775a343a04b98636790755,
        type: 3}
      propertyPath: m_LocalEulerAnglesHint.x
      value: 0
      objectReference: {fileID: 0}
    - target: {fileID: 8394893932085894480, guid: 398ed7d668775a343a04b98636790755,
        type: 3}
      propertyPath: m_LocalEulerAnglesHint.y
      value: -7.0000005
      objectReference: {fileID: 0}
    - target: {fileID: 8394893932085894480, guid: 398ed7d668775a343a04b98636790755,
        type: 3}
      propertyPath: m_LocalEulerAnglesHint.z
      value: -4.9570003
      objectReference: {fileID: 0}
    - target: {fileID: 8394893932085894486, guid: 398ed7d668775a343a04b98636790755,
        type: 3}
      propertyPath: m_Materials.Array.data[0]
      value: 
      objectReference: {fileID: 2100000, guid: 8bc53ffc503125a418dd0c9be96ef231, type: 2}
    m_RemovedComponents: []
  m_SourcePrefab: {fileID: 100100000, guid: 398ed7d668775a343a04b98636790755, type: 3}
--- !u!1 &1347186684
GameObject:
  m_ObjectHideFlags: 0
  m_CorrespondingSourceObject: {fileID: 0}
  m_PrefabInstance: {fileID: 0}
  m_PrefabAsset: {fileID: 0}
  serializedVersion: 6
  m_Component:
  - component: {fileID: 1347186688}
  - component: {fileID: 1347186687}
  - component: {fileID: 1347186686}
  - component: {fileID: 1347186685}
  m_Layer: 0
  m_Name: Plane (1)
  m_TagString: Untagged
  m_Icon: {fileID: 0}
  m_NavMeshLayer: 0
  m_StaticEditorFlags: 0
  m_IsActive: 1
--- !u!64 &1347186685
MeshCollider:
  m_ObjectHideFlags: 0
  m_CorrespondingSourceObject: {fileID: 0}
  m_PrefabInstance: {fileID: 0}
  m_PrefabAsset: {fileID: 0}
  m_GameObject: {fileID: 1347186684}
  m_Material: {fileID: 0}
  m_IsTrigger: 0
  m_Enabled: 1
  serializedVersion: 4
  m_Convex: 0
  m_CookingOptions: 30
  m_Mesh: {fileID: 10209, guid: 0000000000000000e000000000000000, type: 0}
--- !u!23 &1347186686
MeshRenderer:
  m_ObjectHideFlags: 0
  m_CorrespondingSourceObject: {fileID: 0}
  m_PrefabInstance: {fileID: 0}
  m_PrefabAsset: {fileID: 0}
  m_GameObject: {fileID: 1347186684}
  m_Enabled: 1
  m_CastShadows: 1
  m_ReceiveShadows: 1
  m_DynamicOccludee: 1
  m_MotionVectors: 1
  m_LightProbeUsage: 1
  m_ReflectionProbeUsage: 1
  m_RayTracingMode: 2
  m_RenderingLayerMask: 1
  m_RendererPriority: 0
  m_Materials:
  - {fileID: 2100000, guid: 2f8858dfe624f89409c582849bdc5b4d, type: 2}
  m_StaticBatchInfo:
    firstSubMesh: 0
    subMeshCount: 0
  m_StaticBatchRoot: {fileID: 0}
  m_ProbeAnchor: {fileID: 0}
  m_LightProbeVolumeOverride: {fileID: 0}
  m_ScaleInLightmap: 1
  m_ReceiveGI: 1
  m_PreserveUVs: 0
  m_IgnoreNormalsForChartDetection: 0
  m_ImportantGI: 0
  m_StitchLightmapSeams: 1
  m_SelectedEditorRenderState: 3
  m_MinimumChartSize: 4
  m_AutoUVMaxDistance: 0.5
  m_AutoUVMaxAngle: 89
  m_LightmapParameters: {fileID: 0}
  m_SortingLayerID: 0
  m_SortingLayer: 0
  m_SortingOrder: 0
--- !u!33 &1347186687
MeshFilter:
  m_ObjectHideFlags: 0
  m_CorrespondingSourceObject: {fileID: 0}
  m_PrefabInstance: {fileID: 0}
  m_PrefabAsset: {fileID: 0}
  m_GameObject: {fileID: 1347186684}
  m_Mesh: {fileID: 10209, guid: 0000000000000000e000000000000000, type: 0}
--- !u!4 &1347186688
Transform:
  m_ObjectHideFlags: 0
  m_CorrespondingSourceObject: {fileID: 0}
  m_PrefabInstance: {fileID: 0}
  m_PrefabAsset: {fileID: 0}
  m_GameObject: {fileID: 1347186684}
  m_LocalRotation: {x: 0.12187272, y: 0.98951584, z: 0.012797866, w: 0.07643102}
  m_LocalPosition: {x: -3.292, y: 1.273, z: 7.193}
  m_LocalScale: {x: 0.32341245, y: 0.4858623, z: 0.21484464}
  m_Children:
  - {fileID: 837927337}
  - {fileID: 1882137077}
  m_Father: {fileID: 0}
  m_RootOrder: 21
  m_LocalEulerAnglesHint: {x: -0.384, y: 171.119, z: 14.073001}
--- !u!1001 &1408962664
PrefabInstance:
  m_ObjectHideFlags: 0
  serializedVersion: 2
  m_Modification:
    m_TransformParent: {fileID: 0}
    m_Modifications:
    - target: {fileID: 8394893932085894315, guid: 398ed7d668775a343a04b98636790755,
        type: 3}
      propertyPath: m_Name
      value: Skittle (12)
      objectReference: {fileID: 0}
    - target: {fileID: 8394893932085894480, guid: 398ed7d668775a343a04b98636790755,
        type: 3}
      propertyPath: m_LocalPosition.x
      value: -8.36
      objectReference: {fileID: 0}
    - target: {fileID: 8394893932085894480, guid: 398ed7d668775a343a04b98636790755,
        type: 3}
      propertyPath: m_LocalPosition.y
      value: 2.8710024
      objectReference: {fileID: 0}
    - target: {fileID: 8394893932085894480, guid: 398ed7d668775a343a04b98636790755,
        type: 3}
      propertyPath: m_LocalPosition.z
      value: 8.07
      objectReference: {fileID: 0}
    - target: {fileID: 8394893932085894480, guid: 398ed7d668775a343a04b98636790755,
        type: 3}
      propertyPath: m_LocalRotation.x
      value: 0.002639942
      objectReference: {fileID: 0}
    - target: {fileID: 8394893932085894480, guid: 398ed7d668775a343a04b98636790755,
        type: 3}
      propertyPath: m_LocalRotation.y
      value: -0.06099369
      objectReference: {fileID: 0}
    - target: {fileID: 8394893932085894480, guid: 398ed7d668775a343a04b98636790755,
        type: 3}
      propertyPath: m_LocalRotation.z
      value: -0.043161076
      objectReference: {fileID: 0}
    - target: {fileID: 8394893932085894480, guid: 398ed7d668775a343a04b98636790755,
        type: 3}
      propertyPath: m_LocalRotation.w
      value: 0.9972011
      objectReference: {fileID: 0}
    - target: {fileID: 8394893932085894480, guid: 398ed7d668775a343a04b98636790755,
        type: 3}
      propertyPath: m_RootOrder
      value: 1
      objectReference: {fileID: 0}
    - target: {fileID: 8394893932085894480, guid: 398ed7d668775a343a04b98636790755,
        type: 3}
      propertyPath: m_LocalEulerAnglesHint.x
      value: 0
      objectReference: {fileID: 0}
    - target: {fileID: 8394893932085894480, guid: 398ed7d668775a343a04b98636790755,
        type: 3}
      propertyPath: m_LocalEulerAnglesHint.y
      value: -7.0000005
      objectReference: {fileID: 0}
    - target: {fileID: 8394893932085894480, guid: 398ed7d668775a343a04b98636790755,
        type: 3}
      propertyPath: m_LocalEulerAnglesHint.z
      value: -4.9570003
      objectReference: {fileID: 0}
    - target: {fileID: 8394893932085894486, guid: 398ed7d668775a343a04b98636790755,
        type: 3}
      propertyPath: m_Materials.Array.data[0]
      value: 
      objectReference: {fileID: 2100000, guid: 8bc53ffc503125a418dd0c9be96ef231, type: 2}
    m_RemovedComponents: []
  m_SourcePrefab: {fileID: 100100000, guid: 398ed7d668775a343a04b98636790755, type: 3}
--- !u!1001 &1615764715
PrefabInstance:
  m_ObjectHideFlags: 0
  serializedVersion: 2
  m_Modification:
    m_TransformParent: {fileID: 0}
    m_Modifications:
    - target: {fileID: 8394893932085894315, guid: 398ed7d668775a343a04b98636790755,
        type: 3}
      propertyPath: m_Name
      value: Skittle (7)
      objectReference: {fileID: 0}
    - target: {fileID: 8394893932085894480, guid: 398ed7d668775a343a04b98636790755,
        type: 3}
      propertyPath: m_LocalPosition.x
      value: -7.6970115
      objectReference: {fileID: 0}
    - target: {fileID: 8394893932085894480, guid: 398ed7d668775a343a04b98636790755,
        type: 3}
      propertyPath: m_LocalPosition.y
      value: 2.8843052
      objectReference: {fileID: 0}
    - target: {fileID: 8394893932085894480, guid: 398ed7d668775a343a04b98636790755,
        type: 3}
      propertyPath: m_LocalPosition.z
      value: 7.1105266
      objectReference: {fileID: 0}
    - target: {fileID: 8394893932085894480, guid: 398ed7d668775a343a04b98636790755,
        type: 3}
      propertyPath: m_LocalRotation.x
      value: 0.002639942
      objectReference: {fileID: 0}
    - target: {fileID: 8394893932085894480, guid: 398ed7d668775a343a04b98636790755,
        type: 3}
      propertyPath: m_LocalRotation.y
      value: -0.06099369
      objectReference: {fileID: 0}
    - target: {fileID: 8394893932085894480, guid: 398ed7d668775a343a04b98636790755,
        type: 3}
      propertyPath: m_LocalRotation.z
      value: -0.043161076
      objectReference: {fileID: 0}
    - target: {fileID: 8394893932085894480, guid: 398ed7d668775a343a04b98636790755,
        type: 3}
      propertyPath: m_LocalRotation.w
      value: 0.9972011
      objectReference: {fileID: 0}
    - target: {fileID: 8394893932085894480, guid: 398ed7d668775a343a04b98636790755,
        type: 3}
      propertyPath: m_RootOrder
      value: 6
      objectReference: {fileID: 0}
    - target: {fileID: 8394893932085894480, guid: 398ed7d668775a343a04b98636790755,
        type: 3}
      propertyPath: m_LocalEulerAnglesHint.x
      value: 0
      objectReference: {fileID: 0}
    - target: {fileID: 8394893932085894480, guid: 398ed7d668775a343a04b98636790755,
        type: 3}
      propertyPath: m_LocalEulerAnglesHint.y
      value: -7.0000005
      objectReference: {fileID: 0}
    - target: {fileID: 8394893932085894480, guid: 398ed7d668775a343a04b98636790755,
        type: 3}
      propertyPath: m_LocalEulerAnglesHint.z
      value: -4.9570003
      objectReference: {fileID: 0}
    - target: {fileID: 8394893932085894486, guid: 398ed7d668775a343a04b98636790755,
        type: 3}
      propertyPath: m_Materials.Array.data[0]
      value: 
      objectReference: {fileID: 2100000, guid: 8bc53ffc503125a418dd0c9be96ef231, type: 2}
    m_RemovedComponents: []
  m_SourcePrefab: {fileID: 100100000, guid: 398ed7d668775a343a04b98636790755, type: 3}
--- !u!1 &1675107410
GameObject:
  m_ObjectHideFlags: 0
  m_CorrespondingSourceObject: {fileID: 0}
  m_PrefabInstance: {fileID: 0}
  m_PrefabAsset: {fileID: 0}
  serializedVersion: 6
  m_Component:
  - component: {fileID: 1675107415}
  - component: {fileID: 1675107414}
  - component: {fileID: 1675107413}
  - component: {fileID: 1675107412}
  - component: {fileID: 1675107411}
  m_Layer: 0
  m_Name: Sphere (1)
  m_TagString: Untagged
  m_Icon: {fileID: 0}
  m_NavMeshLayer: 0
  m_StaticEditorFlags: 0
  m_IsActive: 1
--- !u!54 &1675107411
Rigidbody:
  m_ObjectHideFlags: 0
  m_CorrespondingSourceObject: {fileID: 0}
  m_PrefabInstance: {fileID: 0}
  m_PrefabAsset: {fileID: 0}
  m_GameObject: {fileID: 1675107410}
  serializedVersion: 2
  m_Mass: 5
  m_Drag: 0
  m_AngularDrag: 0
  m_UseGravity: 1
  m_IsKinematic: 0
  m_Interpolate: 0
  m_Constraints: 0
  m_CollisionDetection: 0
--- !u!135 &1675107412
SphereCollider:
  m_ObjectHideFlags: 0
  m_CorrespondingSourceObject: {fileID: 0}
  m_PrefabInstance: {fileID: 0}
  m_PrefabAsset: {fileID: 0}
  m_GameObject: {fileID: 1675107410}
  m_Material: {fileID: 0}
  m_IsTrigger: 0
  m_Enabled: 1
  serializedVersion: 2
  m_Radius: 0.5
  m_Center: {x: 0, y: 0, z: 0}
--- !u!23 &1675107413
MeshRenderer:
  m_ObjectHideFlags: 0
  m_CorrespondingSourceObject: {fileID: 0}
  m_PrefabInstance: {fileID: 0}
  m_PrefabAsset: {fileID: 0}
  m_GameObject: {fileID: 1675107410}
  m_Enabled: 1
  m_CastShadows: 1
  m_ReceiveShadows: 1
  m_DynamicOccludee: 1
  m_MotionVectors: 1
  m_LightProbeUsage: 1
  m_ReflectionProbeUsage: 1
  m_RayTracingMode: 2
  m_RenderingLayerMask: 1
  m_RendererPriority: 0
  m_Materials:
  - {fileID: 10303, guid: 0000000000000000f000000000000000, type: 0}
  m_StaticBatchInfo:
    firstSubMesh: 0
    subMeshCount: 0
  m_StaticBatchRoot: {fileID: 0}
  m_ProbeAnchor: {fileID: 0}
  m_LightProbeVolumeOverride: {fileID: 0}
  m_ScaleInLightmap: 1
  m_ReceiveGI: 1
  m_PreserveUVs: 0
  m_IgnoreNormalsForChartDetection: 0
  m_ImportantGI: 0
  m_StitchLightmapSeams: 1
  m_SelectedEditorRenderState: 3
  m_MinimumChartSize: 4
  m_AutoUVMaxDistance: 0.5
  m_AutoUVMaxAngle: 89
  m_LightmapParameters: {fileID: 0}
  m_SortingLayerID: 0
  m_SortingLayer: 0
  m_SortingOrder: 0
--- !u!33 &1675107414
MeshFilter:
  m_ObjectHideFlags: 0
  m_CorrespondingSourceObject: {fileID: 0}
  m_PrefabInstance: {fileID: 0}
  m_PrefabAsset: {fileID: 0}
  m_GameObject: {fileID: 1675107410}
  m_Mesh: {fileID: 10207, guid: 0000000000000000e000000000000000, type: 0}
--- !u!4 &1675107415
Transform:
  m_ObjectHideFlags: 0
  m_CorrespondingSourceObject: {fileID: 0}
  m_PrefabInstance: {fileID: 0}
  m_PrefabAsset: {fileID: 0}
  m_GameObject: {fileID: 1675107410}
  m_LocalRotation: {x: 0, y: 0, z: 0, w: 1}
  m_LocalPosition: {x: -6.63, y: 1.25, z: 14.42}
  m_LocalScale: {x: 1, y: 1, z: 1}
  m_Children: []
  m_Father: {fileID: 0}
  m_RootOrder: 20
  m_LocalEulerAnglesHint: {x: 0, y: 0, z: 0}
--- !u!1 &1726130672
GameObject:
  m_ObjectHideFlags: 0
  m_CorrespondingSourceObject: {fileID: 0}
  m_PrefabInstance: {fileID: 0}
  m_PrefabAsset: {fileID: 0}
  serializedVersion: 6
  m_Component:
  - component: {fileID: 1726130673}
  - component: {fileID: 1726130676}
  - component: {fileID: 1726130675}
  - component: {fileID: 1726130674}
  m_Layer: 0
  m_Name: Cylinder (1)
  m_TagString: Untagged
  m_Icon: {fileID: 0}
  m_NavMeshLayer: 0
  m_StaticEditorFlags: 0
  m_IsActive: 1
--- !u!4 &1726130673
Transform:
  m_ObjectHideFlags: 0
  m_CorrespondingSourceObject: {fileID: 0}
  m_PrefabInstance: {fileID: 0}
  m_PrefabAsset: {fileID: 0}
  m_GameObject: {fileID: 1726130672}
  m_LocalRotation: {x: 0.5088953, y: -0.5023828, z: 0.50318974, w: 0.48521867}
  m_LocalPosition: {x: -0.019368378, y: 0.14684886, z: 5.521452}
  m_LocalScale: {x: 1.83406, y: 5.0592976, z: 0.99987894}
  m_Children: []
  m_Father: {fileID: 342498957}
  m_RootOrder: 1
  m_LocalEulerAnglesHint: {x: 105.504, y: -0.000015258789, z: 5.372986}
--- !u!136 &1726130674
CapsuleCollider:
  m_ObjectHideFlags: 0
  m_CorrespondingSourceObject: {fileID: 0}
  m_PrefabInstance: {fileID: 0}
  m_PrefabAsset: {fileID: 0}
  m_GameObject: {fileID: 1726130672}
  m_Material: {fileID: 0}
  m_IsTrigger: 0
  m_Enabled: 1
  m_Radius: 0.5000001
  m_Height: 2
  m_Direction: 1
  m_Center: {x: 0.000000059604645, y: 0, z: -0.00000008940697}
--- !u!23 &1726130675
MeshRenderer:
  m_ObjectHideFlags: 0
  m_CorrespondingSourceObject: {fileID: 0}
  m_PrefabInstance: {fileID: 0}
  m_PrefabAsset: {fileID: 0}
  m_GameObject: {fileID: 1726130672}
  m_Enabled: 1
  m_CastShadows: 1
  m_ReceiveShadows: 1
  m_DynamicOccludee: 1
  m_MotionVectors: 1
  m_LightProbeUsage: 1
  m_ReflectionProbeUsage: 1
  m_RayTracingMode: 2
  m_RenderingLayerMask: 1
  m_RendererPriority: 0
  m_Materials:
  - {fileID: 2100000, guid: 0f75fb3ca6317c64392be23f8e5c40ba, type: 2}
  m_StaticBatchInfo:
    firstSubMesh: 0
    subMeshCount: 0
  m_StaticBatchRoot: {fileID: 0}
  m_ProbeAnchor: {fileID: 0}
  m_LightProbeVolumeOverride: {fileID: 0}
  m_ScaleInLightmap: 1
  m_ReceiveGI: 1
  m_PreserveUVs: 0
  m_IgnoreNormalsForChartDetection: 0
  m_ImportantGI: 0
  m_StitchLightmapSeams: 1
  m_SelectedEditorRenderState: 3
  m_MinimumChartSize: 4
  m_AutoUVMaxDistance: 0.5
  m_AutoUVMaxAngle: 89
  m_LightmapParameters: {fileID: 0}
  m_SortingLayerID: 0
  m_SortingLayer: 0
  m_SortingOrder: 0
--- !u!33 &1726130676
MeshFilter:
  m_ObjectHideFlags: 0
  m_CorrespondingSourceObject: {fileID: 0}
  m_PrefabInstance: {fileID: 0}
  m_PrefabAsset: {fileID: 0}
  m_GameObject: {fileID: 1726130672}
  m_Mesh: {fileID: 10206, guid: 0000000000000000e000000000000000, type: 0}
--- !u!1 &1844218327
GameObject:
  m_ObjectHideFlags: 0
  m_CorrespondingSourceObject: {fileID: 0}
  m_PrefabInstance: {fileID: 0}
  m_PrefabAsset: {fileID: 0}
  serializedVersion: 6
  m_Component:
  - component: {fileID: 1844218328}
  - component: {fileID: 1844218331}
  - component: {fileID: 1844218330}
  - component: {fileID: 1844218329}
  m_Layer: 0
  m_Name: Cylinder
  m_TagString: Untagged
  m_Icon: {fileID: 0}
  m_NavMeshLayer: 0
  m_StaticEditorFlags: 0
  m_IsActive: 1
--- !u!4 &1844218328
Transform:
  m_ObjectHideFlags: 0
  m_CorrespondingSourceObject: {fileID: 0}
  m_PrefabInstance: {fileID: 0}
  m_PrefabAsset: {fileID: 0}
  m_GameObject: {fileID: 1844218327}
  m_LocalRotation: {x: 0.5238328, y: -0.48545814, z: 0.4723258, w: 0.51656365}
  m_LocalPosition: {x: -0.0365792, y: 0.4113823, z: -4.6325126}
  m_LocalScale: {x: 1.8110769, y: 5.080545, z: 1.0001581}
  m_Children: []
  m_Father: {fileID: 342498957}
  m_RootOrder: 0
  m_LocalEulerAnglesHint: {x: 103.70398, y: -0.000015258789, z: -0.000015258789}
--- !u!136 &1844218329
CapsuleCollider:
  m_ObjectHideFlags: 0
  m_CorrespondingSourceObject: {fileID: 0}
  m_PrefabInstance: {fileID: 0}
  m_PrefabAsset: {fileID: 0}
  m_GameObject: {fileID: 1844218327}
  m_Material: {fileID: 0}
  m_IsTrigger: 0
  m_Enabled: 1
  m_Radius: 0.5000001
  m_Height: 2
  m_Direction: 1
  m_Center: {x: 0.000000059604645, y: 0, z: -0.00000008940697}
--- !u!23 &1844218330
MeshRenderer:
  m_ObjectHideFlags: 0
  m_CorrespondingSourceObject: {fileID: 0}
  m_PrefabInstance: {fileID: 0}
  m_PrefabAsset: {fileID: 0}
  m_GameObject: {fileID: 1844218327}
  m_Enabled: 1
  m_CastShadows: 1
  m_ReceiveShadows: 1
  m_DynamicOccludee: 1
  m_MotionVectors: 1
  m_LightProbeUsage: 1
  m_ReflectionProbeUsage: 1
  m_RayTracingMode: 2
  m_RenderingLayerMask: 1
  m_RendererPriority: 0
  m_Materials:
  - {fileID: 2100000, guid: 0f75fb3ca6317c64392be23f8e5c40ba, type: 2}
  m_StaticBatchInfo:
    firstSubMesh: 0
    subMeshCount: 0
  m_StaticBatchRoot: {fileID: 0}
  m_ProbeAnchor: {fileID: 0}
  m_LightProbeVolumeOverride: {fileID: 0}
  m_ScaleInLightmap: 1
  m_ReceiveGI: 1
  m_PreserveUVs: 0
  m_IgnoreNormalsForChartDetection: 0
  m_ImportantGI: 0
  m_StitchLightmapSeams: 1
  m_SelectedEditorRenderState: 3
  m_MinimumChartSize: 4
  m_AutoUVMaxDistance: 0.5
  m_AutoUVMaxAngle: 89
  m_LightmapParameters: {fileID: 0}
  m_SortingLayerID: 0
  m_SortingLayer: 0
  m_SortingOrder: 0
--- !u!33 &1844218331
MeshFilter:
  m_ObjectHideFlags: 0
  m_CorrespondingSourceObject: {fileID: 0}
  m_PrefabInstance: {fileID: 0}
  m_PrefabAsset: {fileID: 0}
  m_GameObject: {fileID: 1844218327}
  m_Mesh: {fileID: 10206, guid: 0000000000000000e000000000000000, type: 0}
--- !u!1 &1882137076
GameObject:
  m_ObjectHideFlags: 0
  m_CorrespondingSourceObject: {fileID: 0}
  m_PrefabInstance: {fileID: 0}
  m_PrefabAsset: {fileID: 0}
  serializedVersion: 6
  m_Component:
  - component: {fileID: 1882137077}
  - component: {fileID: 1882137080}
  - component: {fileID: 1882137079}
  - component: {fileID: 1882137078}
  m_Layer: 0
  m_Name: Cylinder (1)
  m_TagString: Untagged
  m_Icon: {fileID: 0}
  m_NavMeshLayer: 0
  m_StaticEditorFlags: 0
  m_IsActive: 1
--- !u!4 &1882137077
Transform:
  m_ObjectHideFlags: 0
  m_CorrespondingSourceObject: {fileID: 0}
  m_PrefabInstance: {fileID: 0}
  m_PrefabAsset: {fileID: 0}
  m_GameObject: {fileID: 1882137076}
  m_LocalRotation: {x: 0.5088953, y: -0.5023828, z: 0.50318974, w: 0.48521867}
  m_LocalPosition: {x: -0.019368378, y: 0.14684886, z: 5.521452}
  m_LocalScale: {x: 1.83406, y: 5.0592976, z: 0.99987894}
  m_Children: []
  m_Father: {fileID: 1347186688}
  m_RootOrder: 1
  m_LocalEulerAnglesHint: {x: 105.504, y: -0.000015258789, z: 5.372986}
--- !u!136 &1882137078
CapsuleCollider:
  m_ObjectHideFlags: 0
  m_CorrespondingSourceObject: {fileID: 0}
  m_PrefabInstance: {fileID: 0}
  m_PrefabAsset: {fileID: 0}
  m_GameObject: {fileID: 1882137076}
  m_Material: {fileID: 0}
  m_IsTrigger: 0
  m_Enabled: 1
  m_Radius: 0.5000001
  m_Height: 2
  m_Direction: 1
  m_Center: {x: 0.000000059604645, y: 0, z: -0.00000008940697}
--- !u!23 &1882137079
MeshRenderer:
  m_ObjectHideFlags: 0
  m_CorrespondingSourceObject: {fileID: 0}
  m_PrefabInstance: {fileID: 0}
  m_PrefabAsset: {fileID: 0}
  m_GameObject: {fileID: 1882137076}
  m_Enabled: 1
  m_CastShadows: 1
  m_ReceiveShadows: 1
  m_DynamicOccludee: 1
  m_MotionVectors: 1
  m_LightProbeUsage: 1
  m_ReflectionProbeUsage: 1
  m_RayTracingMode: 2
  m_RenderingLayerMask: 1
  m_RendererPriority: 0
  m_Materials:
  - {fileID: 2100000, guid: 0f75fb3ca6317c64392be23f8e5c40ba, type: 2}
  m_StaticBatchInfo:
    firstSubMesh: 0
    subMeshCount: 0
  m_StaticBatchRoot: {fileID: 0}
  m_ProbeAnchor: {fileID: 0}
  m_LightProbeVolumeOverride: {fileID: 0}
  m_ScaleInLightmap: 1
  m_ReceiveGI: 1
  m_PreserveUVs: 0
  m_IgnoreNormalsForChartDetection: 0
  m_ImportantGI: 0
  m_StitchLightmapSeams: 1
  m_SelectedEditorRenderState: 3
  m_MinimumChartSize: 4
  m_AutoUVMaxDistance: 0.5
  m_AutoUVMaxAngle: 89
  m_LightmapParameters: {fileID: 0}
  m_SortingLayerID: 0
  m_SortingLayer: 0
  m_SortingOrder: 0
--- !u!33 &1882137080
MeshFilter:
  m_ObjectHideFlags: 0
  m_CorrespondingSourceObject: {fileID: 0}
  m_PrefabInstance: {fileID: 0}
  m_PrefabAsset: {fileID: 0}
  m_GameObject: {fileID: 1882137076}
  m_Mesh: {fileID: 10206, guid: 0000000000000000e000000000000000, type: 0}
--- !u!1001 &1882242422
PrefabInstance:
  m_ObjectHideFlags: 0
  serializedVersion: 2
  m_Modification:
    m_TransformParent: {fileID: 0}
    m_Modifications:
    - target: {fileID: 8394893932085894315, guid: 398ed7d668775a343a04b98636790755,
        type: 3}
      propertyPath: m_Name
      value: Skittle (5)
      objectReference: {fileID: 0}
    - target: {fileID: 8394893932085894480, guid: 398ed7d668775a343a04b98636790755,
        type: 3}
      propertyPath: m_LocalPosition.x
      value: -4.93
      objectReference: {fileID: 0}
    - target: {fileID: 8394893932085894480, guid: 398ed7d668775a343a04b98636790755,
        type: 3}
      propertyPath: m_LocalPosition.y
      value: 2.85
      objectReference: {fileID: 0}
    - target: {fileID: 8394893932085894480, guid: 398ed7d668775a343a04b98636790755,
        type: 3}
      propertyPath: m_LocalPosition.z
      value: 7.31
      objectReference: {fileID: 0}
    - target: {fileID: 8394893932085894480, guid: 398ed7d668775a343a04b98636790755,
        type: 3}
      propertyPath: m_LocalRotation.x
      value: 0.002639942
      objectReference: {fileID: 0}
    - target: {fileID: 8394893932085894480, guid: 398ed7d668775a343a04b98636790755,
        type: 3}
      propertyPath: m_LocalRotation.y
      value: -0.06099369
      objectReference: {fileID: 0}
    - target: {fileID: 8394893932085894480, guid: 398ed7d668775a343a04b98636790755,
        type: 3}
      propertyPath: m_LocalRotation.z
      value: -0.043161076
      objectReference: {fileID: 0}
    - target: {fileID: 8394893932085894480, guid: 398ed7d668775a343a04b98636790755,
        type: 3}
      propertyPath: m_LocalRotation.w
      value: 0.9972011
      objectReference: {fileID: 0}
    - target: {fileID: 8394893932085894480, guid: 398ed7d668775a343a04b98636790755,
        type: 3}
      propertyPath: m_RootOrder
      value: 8
      objectReference: {fileID: 0}
    - target: {fileID: 8394893932085894480, guid: 398ed7d668775a343a04b98636790755,
        type: 3}
      propertyPath: m_LocalEulerAnglesHint.x
      value: 0
      objectReference: {fileID: 0}
    - target: {fileID: 8394893932085894480, guid: 398ed7d668775a343a04b98636790755,
        type: 3}
      propertyPath: m_LocalEulerAnglesHint.y
      value: -7.0000005
      objectReference: {fileID: 0}
    - target: {fileID: 8394893932085894480, guid: 398ed7d668775a343a04b98636790755,
        type: 3}
      propertyPath: m_LocalEulerAnglesHint.z
      value: -4.9570003
      objectReference: {fileID: 0}
    - target: {fileID: 8394893932085894486, guid: 398ed7d668775a343a04b98636790755,
        type: 3}
      propertyPath: m_Materials.Array.data[0]
      value: 
      objectReference: {fileID: 2100000, guid: 8bc53ffc503125a418dd0c9be96ef231, type: 2}
    m_RemovedComponents: []
  m_SourcePrefab: {fileID: 100100000, guid: 398ed7d668775a343a04b98636790755, type: 3}
--- !u!1001 &2121733927
PrefabInstance:
  m_ObjectHideFlags: 0
  serializedVersion: 2
  m_Modification:
    m_TransformParent: {fileID: 0}
    m_Modifications:
    - target: {fileID: 8394893932085894315, guid: 398ed7d668775a343a04b98636790755,
        type: 3}
      propertyPath: m_Name
      value: Skittle (6)
      objectReference: {fileID: 0}
    - target: {fileID: 8394893932085894480, guid: 398ed7d668775a343a04b98636790755,
        type: 3}
      propertyPath: m_LocalPosition.x
      value: -6.840864
      objectReference: {fileID: 0}
    - target: {fileID: 8394893932085894480, guid: 398ed7d668775a343a04b98636790755,
        type: 3}
      propertyPath: m_LocalPosition.y
      value: 2.8872452
      objectReference: {fileID: 0}
    - target: {fileID: 8394893932085894480, guid: 398ed7d668775a343a04b98636790755,
        type: 3}
      propertyPath: m_LocalPosition.z
      value: 7.091078
      objectReference: {fileID: 0}
    - target: {fileID: 8394893932085894480, guid: 398ed7d668775a343a04b98636790755,
        type: 3}
      propertyPath: m_LocalRotation.x
      value: 0.002639942
      objectReference: {fileID: 0}
    - target: {fileID: 8394893932085894480, guid: 398ed7d668775a343a04b98636790755,
        type: 3}
      propertyPath: m_LocalRotation.y
      value: -0.06099369
      objectReference: {fileID: 0}
    - target: {fileID: 8394893932085894480, guid: 398ed7d668775a343a04b98636790755,
        type: 3}
      propertyPath: m_LocalRotation.z
      value: -0.043161076
      objectReference: {fileID: 0}
    - target: {fileID: 8394893932085894480, guid: 398ed7d668775a343a04b98636790755,
        type: 3}
      propertyPath: m_LocalRotation.w
      value: 0.9972011
      objectReference: {fileID: 0}
    - target: {fileID: 8394893932085894480, guid: 398ed7d668775a343a04b98636790755,
        type: 3}
      propertyPath: m_RootOrder
      value: 7
      objectReference: {fileID: 0}
    - target: {fileID: 8394893932085894480, guid: 398ed7d668775a343a04b98636790755,
        type: 3}
      propertyPath: m_LocalEulerAnglesHint.x
      value: 0
      objectReference: {fileID: 0}
    - target: {fileID: 8394893932085894480, guid: 398ed7d668775a343a04b98636790755,
        type: 3}
      propertyPath: m_LocalEulerAnglesHint.y
      value: -7.0000005
      objectReference: {fileID: 0}
    - target: {fileID: 8394893932085894480, guid: 398ed7d668775a343a04b98636790755,
        type: 3}
      propertyPath: m_LocalEulerAnglesHint.z
      value: -4.9570003
      objectReference: {fileID: 0}
    - target: {fileID: 8394893932085894486, guid: 398ed7d668775a343a04b98636790755,
        type: 3}
      propertyPath: m_Materials.Array.data[0]
      value: 
      objectReference: {fileID: 2100000, guid: 8bc53ffc503125a418dd0c9be96ef231, type: 2}
    m_RemovedComponents: []
  m_SourcePrefab: {fileID: 100100000, guid: 398ed7d668775a343a04b98636790755, type: 3}
--- !u!1001 &3747647242961339206
PrefabInstance:
  m_ObjectHideFlags: 0
  serializedVersion: 2
  m_Modification:
    m_TransformParent: {fileID: 0}
    m_Modifications:
    - target: {fileID: 3747647243770218435, guid: a98cd5cfb185dd446ae5d19b3e6167d6,
        type: 3}
      propertyPath: m_LocalPosition.x
      value: -6.68
      objectReference: {fileID: 0}
    - target: {fileID: 3747647243770218435, guid: a98cd5cfb185dd446ae5d19b3e6167d6,
        type: 3}
      propertyPath: m_LocalPosition.y
      value: 7
      objectReference: {fileID: 0}
    - target: {fileID: 3747647243770218435, guid: a98cd5cfb185dd446ae5d19b3e6167d6,
        type: 3}
      propertyPath: m_LocalPosition.z
      value: -0.36
      objectReference: {fileID: 0}
    - target: {fileID: 3747647243770218435, guid: a98cd5cfb185dd446ae5d19b3e6167d6,
        type: 3}
      propertyPath: m_LocalRotation.x
      value: 0.23073174
      objectReference: {fileID: 0}
    - target: {fileID: 3747647243770218435, guid: a98cd5cfb185dd446ae5d19b3e6167d6,
        type: 3}
      propertyPath: m_LocalRotation.y
      value: 0.6358099
      objectReference: {fileID: 0}
    - target: {fileID: 3747647243770218435, guid: a98cd5cfb185dd446ae5d19b3e6167d6,
        type: 3}
      propertyPath: m_LocalRotation.z
      value: 0.2512576
      objectReference: {fileID: 0}
    - target: {fileID: 3747647243770218435, guid: a98cd5cfb185dd446ae5d19b3e6167d6,
        type: 3}
      propertyPath: m_LocalRotation.w
      value: 0.6923715
      objectReference: {fileID: 0}
    - target: {fileID: 3747647243770218435, guid: a98cd5cfb185dd446ae5d19b3e6167d6,
        type: 3}
      propertyPath: m_RootOrder
      value: 15
      objectReference: {fileID: 0}
    - target: {fileID: 3747647243770218435, guid: a98cd5cfb185dd446ae5d19b3e6167d6,
        type: 3}
      propertyPath: m_LocalEulerAnglesHint.x
      value: 0
      objectReference: {fileID: 0}
    - target: {fileID: 3747647243770218435, guid: a98cd5cfb185dd446ae5d19b3e6167d6,
        type: 3}
      propertyPath: m_LocalEulerAnglesHint.y
      value: 85.123
      objectReference: {fileID: 0}
    - target: {fileID: 3747647243770218435, guid: a98cd5cfb185dd446ae5d19b3e6167d6,
        type: 3}
      propertyPath: m_LocalEulerAnglesHint.z
      value: 39.891003
      objectReference: {fileID: 0}
    - target: {fileID: 3747647243770218439, guid: a98cd5cfb185dd446ae5d19b3e6167d6,
        type: 3}
      propertyPath: m_Name
      value: Plane
      objectReference: {fileID: 0}
    m_RemovedComponents: []
  m_SourcePrefab: {fileID: 100100000, guid: a98cd5cfb185dd446ae5d19b3e6167d6, type: 3}
--- !u!1001 &4155749985624068705
PrefabInstance:
  m_ObjectHideFlags: 0
  serializedVersion: 2
  m_Modification:
    m_TransformParent: {fileID: 0}
    m_Modifications:
    - target: {fileID: 4155749985743824378, guid: 2069e5ca67d0d894ca434d800ac2d2e1,
        type: 3}
      propertyPath: m_Materials.Array.data[0]
      value: 
      objectReference: {fileID: 2100000, guid: eb4b4bfc5a2ddc8409dceb6826c1afc9, type: 2}
    - target: {fileID: 4155749987396128569, guid: 2069e5ca67d0d894ca434d800ac2d2e1,
        type: 3}
      propertyPath: m_Name
      value: Cube
      objectReference: {fileID: 0}
    - target: {fileID: 4155749987396128571, guid: 2069e5ca67d0d894ca434d800ac2d2e1,
        type: 3}
      propertyPath: m_Materials.Array.data[0]
      value: 
      objectReference: {fileID: 2100000, guid: 2f8858dfe624f89409c582849bdc5b4d, type: 2}
    - target: {fileID: 4155749987396128573, guid: 2069e5ca67d0d894ca434d800ac2d2e1,
        type: 3}
      propertyPath: m_LocalPosition.x
      value: -7.27
      objectReference: {fileID: 0}
    - target: {fileID: 4155749987396128573, guid: 2069e5ca67d0d894ca434d800ac2d2e1,
        type: 3}
      propertyPath: m_LocalPosition.y
      value: 0.65
      objectReference: {fileID: 0}
    - target: {fileID: 4155749987396128573, guid: 2069e5ca67d0d894ca434d800ac2d2e1,
        type: 3}
      propertyPath: m_LocalPosition.z
      value: 11.93
      objectReference: {fileID: 0}
    - target: {fileID: 4155749987396128573, guid: 2069e5ca67d0d894ca434d800ac2d2e1,
        type: 3}
      propertyPath: m_LocalRotation.x
      value: 0.0373232
      objectReference: {fileID: 0}
    - target: {fileID: 4155749987396128573, guid: 2069e5ca67d0d894ca434d800ac2d2e1,
        type: 3}
      propertyPath: m_LocalRotation.y
      value: -0.040719002
      objectReference: {fileID: 0}
    - target: {fileID: 4155749987396128573, guid: 2069e5ca67d0d894ca434d800ac2d2e1,
        type: 3}
      propertyPath: m_LocalRotation.z
      value: 0.0040963613
      objectReference: {fileID: 0}
    - target: {fileID: 4155749987396128573, guid: 2069e5ca67d0d894ca434d800ac2d2e1,
        type: 3}
      propertyPath: m_LocalRotation.w
      value: 0.9984649
      objectReference: {fileID: 0}
    - target: {fileID: 4155749987396128573, guid: 2069e5ca67d0d894ca434d800ac2d2e1,
        type: 3}
      propertyPath: m_RootOrder
      value: 16
      objectReference: {fileID: 0}
    - target: {fileID: 4155749987396128573, guid: 2069e5ca67d0d894ca434d800ac2d2e1,
        type: 3}
      propertyPath: m_LocalEulerAnglesHint.x
      value: 4.293
      objectReference: {fileID: 0}
    - target: {fileID: 4155749987396128573, guid: 2069e5ca67d0d894ca434d800ac2d2e1,
        type: 3}
      propertyPath: m_LocalEulerAnglesHint.y
      value: -4.6600003
      objectReference: {fileID: 0}
    - target: {fileID: 4155749987396128573, guid: 2069e5ca67d0d894ca434d800ac2d2e1,
        type: 3}
      propertyPath: m_LocalEulerAnglesHint.z
      value: 0.29500002
      objectReference: {fileID: 0}
    m_RemovedComponents: []
  m_SourcePrefab: {fileID: 100100000, guid: 2069e5ca67d0d894ca434d800ac2d2e1, type: 3}
